@article{Xu2003,
  title = {Measuring explained variation in linear mixed-effects models},
  author = {Xu, R.},
  journal = {Statistics in Medicine},
  volume = {22},
  pages = {3527--3541},
  year = {2003}
}

@article{ChoodariRoystonParmar2010,
  title ={A simulation study of predictive ability measures in a survival model {I}: {Explained} variation measures},
  author = {Choodari-Oskoo, B. and Royston, P. and Parmar, M. K. B.},
  journal = {Statistics in Medicine},
  volume = {31},
  pages = {2627--2643},
  year = {2010}
}

@article{VehtariGelmanGabry2017,
  title={Practical {Bayesian} model evaluation using leave-one-out cross-validation and {WAIC}},
  author = {Vehtari, A. and Gelman, A. and Gabry, J.},
  journal = {Statistics and Computing},
  volume = {27},
  pages = {1413--1432},
  year = {2017}
}

@article{GelmanHwangVehtari2014,
  title={Understanding predictive information criteria for {B}ayesian models},
  author={Gelman, A. and Hwang, J. and Vehtari, A.},
  journal={Statistics and Computing},
  volume={24},
  pages = {997--1016},
  year={2014}
}

@article{GelmanPardoe2006,
  title={Bayesian measures of explained variance and pooling in multilevel (hierarchical) models},
  author={Gelman, A. and Pardoe, I.},
  journal={Technometrics},
  volume={48},
  pages = {241--251},
  year={2006}
}

@article{Helland1987,
  title={On the interpretation and use of {$R^2$} in regression analysis},
  author={Helland, I. S.},
  journal={Biometrics},
  volume={43},
  pages={61--69},
  year={1987}
}

@article{HuPaltaShao2006,
  title={Properties of {$R^2$} statistics for logistic regression},
  author={Hu, B. and Palta, M. and Shao, J.},
  journal={Statistics in Medicine},
  volume={25},
  pages={1383--1395},
  year={2006}
}

@article{KentOquigley1988,
  title={Measures of dependence for censored survival data},
  author={Kent, J. T. and O'Quigley, J.},
  journal={Biometrika},
  volume={75},
  pages={525--534},
  year={1988}
}

@article{Nagelkerke1991,
  title={A note on a general definition of the coefficient of determination},
  author={Nagelkerke, N. J. D.},
  journal={Biometrika},
  volume={78},
  pages={691--692},
  year={1991}
}

@article{Tjur2009,
  title={Coefficient of determination in logistic regression models---{A} new proposal:
  {The} coefficient of discrimination},
  author={Tjur, T.},
  journal={American Statistician},
  volume={63},
  pages={366--372},
  year={2009}
}

@misc{stan,
  title={The {S}tan {C++} Library, Version 2.16.0},
  author={{Stan Development Team}},
  year={2017},
  note={\url{http://mc-stan.org}}
}

@misc{br2,
  title={Bayesian {R}$^2$},
  author={Andrew Gelman and Ben Goodrich and Jonah Gabry and Aki Vehtari},
  year={2018},
  note={\url{https://avehtari.github.io/bayes_R2/bayes_R2.html}}
}

@misc{rstanarmRpackage,
  title={rstanarm: {Bayesian} applied regression modeling via {Stan}. {R} package version 2.16.1},
  author = {Gabry, J. and Goodrich, B.},
  year={2017},
  note={\url{http://mc-stan.org}}
}

@manual{rcore,
   title = {{R}: {A} Language and Environment for Statistical Computing},
   author = {{R Core Team}},
   organization = {R Foundation for Statistical Computing},
   address = {Vienna, Austria},
   year = {2017},
   url = {https://www.R-project.org/},
 }

@article{lme4Rpackage,
  title = {Fitting Linear Mixed-Effects Models Using {lme4}},
  author = {Douglas Bates and Martin M{\"a}chler and Ben Bolker and Steve Walker},
  journal = {Journal of Statistical Software},
  year = {2015},
  volume = {67},
  pages = {1--48}
}
